[gd_scene load_steps=4 format=2]

[ext_resource path="res://Scenes/Field/Cell.tscn" type="PackedScene" id=1]
[ext_resource path="res://Scripts/Field/Field.cs" type="Script" id=2]
[ext_resource path="res://Scripts/Field/FieldCanvas.cs" type="Script" id=3]

[node name="Field" type="PanelContainer"]
margin_right = 322.0
margin_bottom = 322.0
size_flags_vertical = 3
script = ExtResource( 2 )
__meta__ = {
"_edit_use_anchors_": false
}

[node name="GridContainer" type="GridContainer" parent="."]
margin_left = 7.0
margin_top = 7.0
margin_right = 315.0
margin_bottom = 315.0
columns = 3
__meta__ = {
"_edit_use_anchors_": false
}

[node name="Cell" parent="GridContainer" instance=ExtResource( 1 )]
margin_left = 0.0
margin_top = 0.0
margin_right = 100.0
margin_bottom = 100.0

[node name="Cell2" parent="GridContainer" instance=ExtResource( 1 )]
margin_left = 104.0
margin_top = 0.0
margin_right = 204.0
margin_bottom = 100.0

[node name="Cell3" parent="GridContainer" instance=ExtResource( 1 )]
margin_left = 208.0
margin_top = 0.0
margin_right = 308.0
margin_bottom = 100.0

[node name="Cell4" parent="GridContainer" instance=ExtResource( 1 )]
margin_left = 0.0
margin_top = 104.0
margin_right = 100.0
margin_bottom = 204.0

[node name="Cell5" parent="GridContainer" instance=ExtResource( 1 )]
margin_left = 104.0
margin_top = 104.0
margin_right = 204.0
margin_bottom = 204.0

[node name="Cell6" parent="GridContainer" instance=ExtResource( 1 )]
margin_left = 208.0
margin_top = 104.0
margin_right = 308.0
margin_bottom = 204.0

[node name="Cell7" parent="GridContainer" instance=ExtResource( 1 )]
margin_left = 0.0
margin_top = 208.0
margin_right = 100.0
margin_bottom = 308.0

[node name="Cell8" parent="GridContainer" instance=ExtResource( 1 )]
margin_left = 104.0
margin_top = 208.0
margin_right = 204.0
margin_bottom = 308.0

[node name="Cell9" parent="GridContainer" instance=ExtResource( 1 )]
margin_left = 208.0
margin_top = 208.0
margin_right = 308.0
margin_bottom = 308.0

[node name="Canvas" type="Node2D" parent="."]
script = ExtResource( 3 )
